@article{cabmun24a,
  author     = {Pedro Cabalar and
                Brais Mu{\~{n}}iz},
  title      = {Model Explanation via Support Graphs},
  journal    = {CoRR},
  volume     = {abs/2310.01626},
  year       = {2023},
  url        = {https://doi.org/10.48550/arXiv.2310.01626},
  doi        = {10.48550/ARXIV.2310.01626},
  eprinttype = {arXiv},
  eprint     = {2310.01626},
  timestamp  = {Thu, 19 Oct 2023 13:12:52 +0200},
  biburl     = {https://dblp.org/rec/journals/corr/abs-2310-01626.bib},
  bibsource  = {dblp computer science bibliography, https://dblp.org}
}

@inproceedings{cabmun23a,
  author       = {Pedro Cabalar and
                  Brais Muñiz},
  editor       = {Joaquín Arias and
                  Sotiris Batsakis and
                  Wolfgang Faber and
                  Gopal Gupta and
                  Francesco Pacenza and
                  Emmanuel Papadakis and
                  Livio Robaldo and
                  Kilian Ruckschlo{\ss} and
                  Elmer Salazar and
                  Zeynep G. Saribatur and
                  Ilias Tachmazidis and
                  Felix Weitkmper and
                  Adam Z. Wyner},
  title        = {Explanation Graphs for Stable Models of Labelled Logic Programs},
  booktitle    = {Proceedings of the International Conference on Logic Programming 2023
                  Workshops co-located with the 39th International Conference on Logic
                  Programming {(ICLP} 2023), London, United Kingdom, July 9th and 10th,
                  2023},
  series       = {{CEUR} Workshop Proceedings},
  volume       = {3437},
  publisher    = {CEUR-WS.org},
  year         = {2023},
  url          = {https://ceur-ws.org/Vol-3437/paper3ASPOCP.pdf},
  timestamp    = {Mon, 18 Dec 2023 10:22:48 +0100},
  biburl       = {https://dblp.org/rec/conf/iclp/CabalarM23.bib},
  bibsource    = {dblp computer science bibliography, https://dblp.org}
}

@article{cabfan17a,
  author    = {Pedro Cabalar and
               Jorge Fandinno},
  title     = {Enablers and inhibitors in causal justifications of logic programs},
  journal   = {Theory Pract. Log. Program.},
  volume    = {17},
  number    = {1},
  pages     = {49--74},
  year      = {2017},
  url       = {https://doi.org/10.1017/S1471068416000107},
  doi       = {10.1017/S1471068416000107},
  timestamp = {Thu, 13 Feb 2020 14:39:43 +0100},
  biburl    = {https://dblp.org/rec/journals/tplp/CabalarF17.bib},
  bibsource = {dblp computer science bibliography, https://dblp.org}
}


@inproceedings{sablei17a,
  author    = {Orkunt Sabuncu and
               Jo{\~{a}}o Leite},
  editor    = {Marcello Balduccini and
               Tomi Janhunen},
  title     = {moviola: Interpreting Dynamic Logic Programs via Multi-shot Answer
               Set Programming},
  booktitle = {Logic Programming and Nonmonotonic Reasoning - 14th International
               Conference, {LPNMR} 2017, Espoo, Finland, July 3-6, 2017, Proceedings},
  series    = {Lecture Notes in Computer Science},
  volume    = {10377},
  pages     = {336--342},
  publisher = {Springer},
  year      = {2017},
  url       = {https://doi.org/10.1007/978-3-319-61660-5\_30},
  doi       = {10.1007/978-3-319-61660-5\_30},
  timestamp = {Fri, 07 Aug 2020 08:55:20 +0200},
  biburl    = {https://dblp.org/rec/conf/lpnmr/SabuncuL17.bib},
  bibsource = {dblp computer science bibliography, https://dblp.org}
}


@inproceedings{alhasawe24a,
  author    = {Mario Alviano and
               Susana Hahn and
               Orkunt Sabuncu and
               Hannes Weichelt},
  editor    = {Carmine Dodaro and
               Gopal Gupta and
               Maria Vanina Martinez},
  title     = {Answer Set Explanations via Preferred Unit-Provable Unsatisfiable
               Subsets},
  booktitle = {Logic Programming and Nonmonotonic Reasoning - 17th International
               Conference, {LPNMR} 2024, Dallas, TX, USA, October 11-14, 2024, Proceedings},
  series    = {Lecture Notes in Computer Science},
  volume    = {15245},
  pages     = {187--199},
  publisher = {Springer},
  year      = {2024},
  url       = {https://doi.org/10.1007/978-3-031-74209-5\_15},
  doi       = {10.1007/978-3-031-74209-5\_15},
  timestamp = {Sat, 30 Nov 2024 21:10:31 +0100},
  biburl    = {https://dblp.org/rec/conf/lpnmr/AlvianoHSW24.bib},
  bibsource = {dblp computer science bibliography, https://dblp.org}
}


@inproceedings{gekaoe24a,
  author    = {Tobias Geibinger and
               Tobias Kaminski and
               Johannes Oetsch},
  title     = {Explanations for Guess-and-Check ASP Encodings Using an LLM (Extended Abstract)},
  booktitle = {Program TAASP. Workshop on Trends and Applications of Answer Set Programming (TAASP 2024)},
  year      = {2024},
  location  = {Klagenfurt, Austria},
  pages     = {6},
  keywords  = {Answer Set Programming; Explainability; Large language models},
  note      = {Peer reviewed},
  url       = {https://example.com},
  timestamp = {Sat, 25 Nov 2024 00:00:00 +0100},
  bibsource = {dblp computer science bibliography, https://dblp.org},
  url       = {https://taasp.at/2024/assets/paper/TAASP_2024_paper_9.pdf}
}


@inproceedings{kimushagsh19a,
  author    = {Joseph Kim and
               Christian Muise and
               Ankit Shah and
               Shubham Agarwal and
               Julie Shah},
  editor    = {Sarit Kraus},
  title     = {Bayesian Inference of Linear Temporal Logic Specifications for Contrastive
               Explanations},
  booktitle = {Proceedings of the Twenty-Eighth International Joint Conference on
               Artificial Intelligence, {IJCAI} 2019, Macao, China, August 10-16,
               2019},
  pages     = {5591--5598},
  publisher = {ijcai.org},
  year      = {2019},
  url       = {https://doi.org/10.24963/ijcai.2019/776},
  doi       = {10.24963/IJCAI.2019/776},
  timestamp = {Tue, 15 Oct 2024 16:43:28 +0200},
  biburl    = {https://dblp.org/rec/conf/ijcai/KimMSAS19.bib},
  bibsource = {dblp computer science bibliography, https://dblp.org}
}


@inproceedings{altrsoba23a,
  author    = {Mario Alviano and
               Ly Ly T. Trieu and
               Tran Cao Son and
               Marcello Balduccini},
  editor    = {Agostino Dovier and
               Andrea Formisano},
  title     = {Advancements in xASP, an {XAI} System for Answer Set Programming},
  booktitle = {Proceedings of the 38th Italian Conference on Computational Logic,
               Udine, Italy, June 21-23, 2023},
  series    = {{CEUR} Workshop Proceedings},
  volume    = {3428},
  publisher = {CEUR-WS.org},
  year      = {2023},
  url       = {https://ceur-ws.org/Vol-3428/paper2.pdf},
  timestamp = {Wed, 05 Jul 2023 16:52:15 +0200},
  biburl    = {https://dblp.org/rec/conf/cilc/AlvianoTSB23.bib},
  bibsource = {dblp computer science bibliography, https://dblp.org}
}

@inproceedings{eitgei23a,
  author    = {Thomas Eiter and
               Tobias Geibinger},
  title     = {Explaining Answer-Set Programs with Abstract Constraint Atoms},
  booktitle = {Proceedings of the Thirty-Second International Joint Conference on
               Artificial Intelligence, {IJCAI} 2023, 19th-25th August 2023, Macao,
               SAR, China},
  pages     = {3193--3202},
  publisher = {ijcai.org},
  year      = {2023},
  url       = {https://doi.org/10.24963/ijcai.2023/356},
  doi       = {10.24963/IJCAI.2023/356},
  timestamp = {Tue, 15 Oct 2024 16:43:28 +0200},
  biburl    = {https://dblp.org/rec/conf/ijcai/EiterG23.bib},
  bibsource = {dblp computer science bibliography, https://dblp.org}
}


@article{bamama24a,
  author     = {Ricardo Brancas and
                Vasco Manquinho and
                Ruben Martins},
  title      = {Combining Logic with Large Language Models for Automatic Debugging
                and Repair of {ASP} Programs},
  journal    = {CoRR},
  volume     = {abs/2410.20962},
  year       = {2024},
  url        = {https://doi.org/10.48550/arXiv.2410.20962},
  doi        = {10.48550/ARXIV.2410.20962},
  eprinttype = {arXiv},
  eprint     = {2410.20962},
  timestamp  = {Fri, 29 Nov 2024 11:24:18 +0100},
  biburl     = {https://dblp.org/rec/journals/corr/abs-2410-20962.bib},
  bibsource  = {dblp computer science bibliography, https://dblp.org}
}


@inproceedings{eigeoe23a,
  author    = {Thomas Eiter and
               Tobias Geibinger and
               Johannes Oetsch},
  editor    = {Sarah Alice Gaggl and
               Maria Vanina Martinez and
               Magdalena Ortiz},
  title     = {Contrastive Explanations for Answer-Set Programs},
  booktitle = {Logics in Artificial Intelligence - 18th European Conference, {JELIA}
               2023, Dresden, Germany, September 20-22, 2023, Proceedings},
  series    = {Lecture Notes in Computer Science},
  volume    = {14281},
  pages     = {73--89},
  publisher = {Springer},
  year      = {2023},
  url       = {https://doi.org/10.1007/978-3-031-43619-2\_6},
  doi       = {10.1007/978-3-031-43619-2\_6},
  timestamp = {Sat, 14 Oct 2023 20:12:46 +0200},
  biburl    = {https://dblp.org/rec/conf/jelia/EiterGO23.bib},
  bibsource = {dblp computer science bibliography, https://dblp.org}
}


@inproceedings{cafamu20a,
  author    = {Pedro Cabalar and
               Jorge Fandinno and
               Brais Mu{\~{n}}iz},
  editor    = {Francesco Ricca and
               Alessandra Russo and
               Sergio Greco and
               Nicola Leone and
               Alexander Artikis and
               Gerhard Friedrich and
               Paul Fodor and
               Angelika Kimmig and
               Francesca A. Lisi and
               Marco Maratea and
               Alessandra Mileo and
               Fabrizio Riguzzi},
  title     = {A System for Explainable Answer Set Programming},
  booktitle = {Proceedings 36th International Conference on Logic Programming (Technical
               Communications), {ICLP} Technical Communications 2020, (Technical
               Communications) UNICAL, Rende (CS), Italy, 18-24th September 2020},
  series    = {{EPTCS}},
  volume    = {325},
  pages     = {124--136},
  year      = {2020},
  url       = {https://doi.org/10.4204/EPTCS.325.19},
  doi       = {10.4204/EPTCS.325.19},
  timestamp = {Wed, 04 Nov 2020 16:04:03 +0100},
  biburl    = {https://dblp.org/rec/journals/corr/abs-2009-10242.bib},
  bibsource = {dblp computer science bibliography, https://dblp.org}
}

@article{miller19,
title = {Explanation in artificial intelligence: Insights from the social sciences},
journal = {Artificial Intelligence},
volume = {267},
pages = {1-38},
year = {2019},
issn = {0004-3702},
doi = {https://doi.org/10.1016/j.artint.2018.07.007},
url = {https://www.sciencedirect.com/science/article/pii/S0004370218305988},
author = {Tim Miller},
keywords = {Explanation, Explainability, Interpretability, Explainable AI, Transparency},
}

@article{kamrom23a,
  author     = {Roland Kaminski and
                Javier Romero and
                Torsten Schaub and
                Philipp Wanko},
  title      = {How to Build Your Own ASP-based System},
  journal    = {Theory and Practice of Logic Programming},
  volume     = {23},
  number     = {1},
  pages      = {299--361},
  year       = {2023},
  doi        = {10.1017/S1471068421000508},
  url        = {https://doi.org/10.1017/S1471068421000508},
  timestamp  = {Tue, 15 Oct 2024 16:43:28 +0200},
  biburl     = {https://dblp.org/rec/journals/tplp/KaminskiRSW23.bib},
  bibsource  = {dblp computer science bibliography, https://dblp.org}
}
